<record><leader>00000cas a22000007a 4500</leader><controlfield tag="001">23288779</controlfield><controlfield tag="008">910323d198u1986fluwr ne      0    0eng d</controlfield><datafield ind1=" " ind2=" " tag="010"><subfield code="a">sn 91065004 </subfield></datafield><datafield ind1=" " ind2=" " tag="040"><subfield code="a">YOX</subfield><subfield code="b">eng</subfield><subfield code="c">YOX</subfield><subfield code="d">MGN</subfield><subfield code="d">OCLCQ</subfield><subfield code="d">OCLCF</subfield><subfield code="d">OCLCO</subfield></datafield><datafield ind1="1" ind2=" " tag="029"><subfield code="a">AU@</subfield><subfield code="b">000025900670</subfield></datafield><datafield ind1=" " ind2=" " tag="042"><subfield code="a">msc</subfield></datafield><datafield ind1=" " ind2=" " tag="043"><subfield code="a">n-us-fl</subfield></datafield><datafield ind1="0" ind2=" " tag="130"><subfield code="a">Palm Beach Jewish world (West Palm Beach, Fla. : 1984)</subfield></datafield><datafield ind1="1" ind2="0" tag="245"><subfield code="a">Palm Beach Jewish world.</subfield></datafield><datafield ind1="3" ind2="0" tag="246"><subfield code="a">Jewish world</subfield></datafield><datafield ind1=" " ind2=" " tag="260"><subfield code="a">West Palm Beach, Fla. :</subfield><subfield code="b">Jewish World Pub. Corp.</subfield></datafield><datafield ind1=" " ind2=" " tag="300"><subfield code="a">v.</subfield></datafield><datafield ind1=" " ind2=" " tag="310"><subfield code="a">Weekly</subfield></datafield><datafield ind1="0" ind2=" " tag="362"><subfield code="a">-v. 5, no. 36 (Sept. 19-25, 1986).</subfield></datafield><datafield ind1=" " ind2=" " tag="500"><subfield code="a">"The Anglo-Jewish newspaper of record."</subfield></datafield><datafield ind1=" " ind2=" " tag="515"><subfield code="a">Numbering begins with v. 3, no. 49 (Dec. 7-13, 1984).</subfield></datafield><datafield ind1=" " ind2=" " tag="588"><subfield code="a">Description based on: Jan. 13-19, 1984.</subfield></datafield><datafield ind1=" " ind2="0" tag="650"><subfield code="a">Jewish newspapers</subfield><subfield code="z">Florida.</subfield></datafield><datafield ind1=" " ind2="4" tag="651"><subfield code="a">West Palm Beach (Fla.)</subfield><subfield code="v">Newspapers.</subfield></datafield><datafield ind1=" " ind2="7" tag="650"><subfield code="a">Jewish newspapers.</subfield><subfield code="2">fast</subfield><subfield code="0">(OCoLC)fst00982872</subfield></datafield><datafield ind1=" " ind2="7" tag="651"><subfield code="a">Florida.</subfield><subfield code="2">fast</subfield><subfield code="0">(OCoLC)fst01205150</subfield></datafield><datafield ind1=" " ind2=" " tag="752"><subfield code="a">United States</subfield><subfield code="b">Florida</subfield><subfield code="c">Palm Beach</subfield><subfield code="d">West Palm Beach.</subfield></datafield><datafield ind1="0" ind2="0" tag="785"><subfield code="t">Jewish world (West Palm Beach, Fla.)</subfield><subfield code="w">(DLC)sn 91065005</subfield></datafield></record>